%%%%%%%%%%%%%%%%%%%%%%%%%%%%Prisoner's Dilemma%%%%%%%%%%%%%%%%%%%%%%%%%%%%%%%%%%
@article{Flood1958,
author = {M. M. Flood},
title = {Some Experimental Games},
journal = {Management Science},
volume = {5},
number = {1},
pages = {5-26},
year = {1958},
doi = {10.1287/mnsc.5.1.5},
URL = { https://doi.org/10.1287/mnsc.5.1.5},
eprint = {https://doi.org/10.1287/mnsc.5.1.5}
}
@article{Perc2008,
  title={Social diversity and promotion of cooperation in the spatial prisoner’s dilemma game},
  author={Perc, Matja{\v{z}} and Szolnoki, Attila},
  journal={Physical Review E},
  volume={77},
  number={1},
  pages={011904},
  year={2008},
  publisher={APS}
}
@article{Turner1999,
  title={Prisoner's dilemma in an RNA virus},
  author={Turner, Paul E and Chao, Lin},
  journal={Nature},
  volume={398},
  number={6726},
  pages={441},
  year={1999},
  publisher={Nature Publishing Group}
}
@article{Wu2011,
  title={Moving away from nasty encounters enhances cooperation in ecological prisoner's dilemma game},
  author={Wu, Te and Fu, Feng and Wang, Long},
  journal={PLoS One},
  volume={6},
  number={11},
  pages={e27669},
  year={2011},
  publisher={Public Library of Science}
}
@article{Press2012,
  title={Iterated Prisoner’s Dilemma contains strategies that dominate any evolutionary opponent},
  author={Press, William H and Dyson, Freeman J},
  journal={Proceedings of the National Academy of Sciences},
  volume={109},
  number={26},
  pages={10409--10413},
  year={2012},
  publisher={National Acad Sciences}
}
@article{Zimmermann2005,
  title={Cooperation, social networks, and the emergence of leadership in a prisoner’s dilemma with adaptive local interactions},
  author={Zimmermann, Mart{\'\i}n G and Egu{\'\i}luz, V{\'\i}ctor M},
  journal={Physical Review E},
  volume={72},
  number={5},
  pages={056118},
  year={2005},
  publisher={APS}
}
@article{Doebeli2005,
  title={Models of cooperation based on the Prisoner's Dilemma and the Snowdrift game},
  author={Doebeli, Michael and Hauert, Christoph},
  journal={Ecology letters},
  volume={8},
  number={7},
  pages={748--766},
  year={2005},
  publisher={Wiley Online Library}
}
@article{Axelrod1981,
  title={The evolution of cooperation},
  author={Axelrod, Robert and Hamilton, William D},
  journal={science},
  volume={211},
  number={4489},
  pages={1390--1396},
  year={1981},
  publisher={American Association for the Advancement of Science}
}
%%%%%%%%%%%%%%%%%%%%%%%%%%%%%%%%%PD SOFTWARE%%%%%%%%%%%%%%%%%%%%%%%%%%%%%%%%%%%%
@misc{fortan_code,
  title = {Complexity of Cooperation Web Site},
  howpublished = {\url{http://www-personal.umich.edu/~axe/research/Software/CC/CC2.html}},
  note = {Accessed: 2017-10-23}
}
@misc{prison,
  title = {LIFL (1998) PRISON},
  howpublished = {\url{http://www.lifl.fr/IPD/ipd.frame.html}},
  note = {Accessed: 2017-10-23}
}
@misc{axelrodproject,
  author       = {{ {The Axelrod project developers} }},
  title        = {Axelrod: v.4.5.0},
  month        = apr,
  year         = 2016,
  doi          = {<DOI INFORMATION>},
  url          = {http://dx.doi.org/10.5281/zenodo.<DOI NUMBER>}
}
@misc{pd_game,
  title = {The Iterated Prisoner's Dilemma Game},
  howpublished = {\url{http://selborne.nl/ipd/}},
  note = {Accessed: 2017-10-23}
}
@misc{pd_trust,
  title = {The Evolution of Trust},
  howpublished = {\url{http://ncase.me/trust/}},
  note = {Accessed: 2017-10-23}
}
%%%%%%%%%%%%%%%%%%%%%%%%%%%%%%%TEXTBOOKS%%%%%%%%%%%%%%%%%%%%%%%%%%%%%%%%%%%%%%%%
@article{eddy1996,
  title={Hidden markov models},
  author={S. R. Eddy},
  journal={Current opinion in structural biology},
  volume={6},
  number={3},
  pages={361--365},
  year={1996},
  publisher={Elsevier}
}

@article{moore1956,
  title={Gedanken-experiments on sequential machines},
  author={E. F. Moore},
  journal={Automata studies},
  volume={34},
  pages={129--153},
  year={1956}
}

@article{Koza1997,
  title={Genetic programming},
  author={J. R. Koza},
  year={1997},
  publisher={Citeseer}
}

@book{Easley2010,
  title={Networks, crowds, and markets},
  author={D. Easley and J. Kleinberg and others},
  volume={8},
  year={2010},
  publisher={Cambridge university press Cambridge}
}
%%%%%%%%%%%%%%%%%%%%%%%%%%%%%%%%%%%%APIS%%%%%%%%%%%%%%%%%%%%%%%%%%%%%%%%%%%%%%%%
@article{mckiernan2000,
  title={arXiv. org: the Los Alamos National Laboratory e-print server},
  author={G. McKiernan},
  journal={International Journal on Grey Literature},
  volume={1},
  number={3},
  pages={127--138},
  year={2000},
  publisher={MCB UP Ltd}
}

@online{ieee,
  author = {IEEE},
  title = {IEEE Xplore Digital Library},
  howpublished = {http://ieeexplore.ieee.org/Xplore/home.jsp},
}

@online{nature,
  author = {Nature Publishing Group},
  title = {Nature},
  year = 1869,
  howpublished = {https://www.nature.com/},
}

@online{springer,
  author = {Mannheim Media},
  title = {Springer Publishing },
  year = 1950,
  howpublished = {http://www.springer.com/},
}

@misc{plos,
      title = "{PLOS} Public Library of Science",
      howpublished={https://www.plos.org/}}

%%%%%%%%%%%%%%%%%%%%%%%%%%%%%%%%%%%%%%BLOGS%%%%%%%%%%%%%%%%%%%%%%%%%%%%%%%%%%%%%
@misc{trust_bloga,
  title = {Game theory and the evolution of trust},
  author = {N. Kinch},
  journal = {Medium},
  type = {Blog},
  howpublished = {\url{https://medium.com/greater-than-experience-design/game-theory-and-the-evolution-of-trust-6da95b33407a}},
}

@misc{trust_blogb,
  title = {The Evolution of Trust is a cute explain-o-game about cooperation},
  author = {S. Horti},
  journal = {Rock, Paper, Shotgun},
  type = {Blog},
  howpublished = {\url{http://ncase.me/trust/}},
}

@misc{nature_blog,
author = {R. Van Noorden},
title = {The science that’s never been cited},
journal = {Nature},
type = {Blog},
number = {December 17},
year = {2017},
howpublished = {\url{https://www.nature.com/articles/d41586-017-08404-0}}
}
@misc{southampton_blog,
author = {University of Southampton},
title = {University of Southampton team wins Prisoner's Dilemma competition},
type = {Blog},
number = {7 October},
year = {2004},
howpublished = {\url{https://www.southampton.ac.uk/news/2004/10/team-wins-competition.page}}
}
@misc{nature_author_blog,
author = {Smriti Mallapaty},
title = {Paper authorship goes hyper},
type = {Blog},
number = {30 January},
year = {2018},
howpublished = {\url{https://www.natureindex.com/news-blog/paper-authorship-goes-hyper}}
}
%%%%%%%%%%%%%%%%%%%%%%%%%%%%%%%%%%BIBLIOMETRICS%%%%%%%%%%%%%%%%%%%%%%%%%%%%%%%%%
@article{youngblood2018,
  title={A bibliometric analysis of the interdisciplinary field of cultural evolution},
  author={M. Youngblood and D. Lahti},
  journal={Palgrave Communications},
  volume={4},
  number={1},
  pages={120},
  year={2018},
  publisher={Nature Publishing Group}
}

@article{pritchard1969,
  title={Statistical bibliography or bibliometrics},
  author={A. Pritchard and others},
  journal={Journal of documentation},
  volume={25},
  number={4},
  pages={348--349},
  year={1969},
  publisher={New York}
}

@article{Liu2015,
author="P. Liu
and H. Xia",
title="Structure and evolution of co-authorship network in an interdisciplinary research field",
journal="Scientometrics",
year="2015",
month="Apr",
day="01",
volume="103",
number="1",
pages="101--134",
issn="1588-2861",
doi="10.1007/s11192-014-1525-y",
url="https://doi.org/10.1007/s11192-014-1525-y"
}

@article{raina1998,
  title={Four aspects of the institutionalization of physics research in India
  (1990--1950): Substantiating the claims of histortical sociology through bibliometrics},
  author={D. Raina and B. M. Gupta},
  journal={Scientometrics},
  volume={42},
  number={1},
  pages={17--40},
  year={1998},
  publisher={Springer}
}

@article{das2016,
  title={Intellectual structure in stem cell research: exploring Brazilian scientific articles from 2001 to 2010},
  author={R. das Neves Machado and B. Vargas-Quesada and J. Leta},
  journal={Scientometrics},
  volume={106},
  number={2},
  pages={525--537},
  year={2016},
  publisher={Springer}
}

@article{clauset2004,
  title={Finding community structure in very large networks},
  author={A. Clauset and M. E.J. Newman and C. Moore},
  journal={Physical review E},
  volume={70},
  number={6},
  pages={066111},
  year={2004},
  publisher={APS}
}

@article{Landherr2010,
author="A. Landherr
and B. Friedl
and J. Heidemann",
title="A Critical Review of Centrality Measures in Social Networks",
journal="Business {\&} Information Systems Engineering",
year="2010",
month="Dec",
day="01",
volume="2",
number="6",
pages="371--385",
issn="1867-0202",
doi="10.1007/s12599-010-0127-3",
url="https://doi.org/10.1007/s12599-010-0127-3"
}

@article{Blondel2008,
  title={Fast unfolding of communities in large networks},
  author={V. D. Blondel and J.L. Guillaume and R. Lambiotte and E. Lefebvre},
  journal={Journal of statistical mechanics: theory and experiment},
  volume={2008},
  number={10},
  pages={P10008},
  year={2008},
  publisher={IOP Publishing}
}

@article {sekara2018,
	author = {V. Sekara and P. Deville and S. E. Ahnert and A. Barab{\'a}si and R. Sinatra and S. Lehmann},
	title = {The chaperone effect in scientific publishing},
	volume = {115},
	number = {50},
	pages = {12603--12607},
	year = {2018},
	doi = {10.1073/pnas.1800471115},
	publisher = {National Academy of Sciences},
	issn = {0027-8424},
	URL = {https://www.pnas.org/content/115/50/12603},
	eprint = {https://www.pnas.org/content/115/50/12603.full.pdf},
	journal = {Proceedings of the National Academy of Sciences}
}

@article{alshebli2018,
  title={The preeminence of ethnic diversity in scientific collaboration},
  author={B. K. AlShebli and T. Rahwan and W. L. Woon},
  journal={Nature communications},
  volume={9},
  number={1},
  pages={5163},
  year={2018},
  publisher={Nature Publishing Group}
}

@article{Kyvik2017,
  title={Research collaboration in groups and networks: differences across academic fields},
  author={S. Kyvik and I. Reymert},
  journal={Scientometrics},
  volume={113},
  number={2},
  pages={951--967},
  year={2017},
  publisher={Springer}
}

@article{Etzkowitz1992,
  title={Individual investigators and their research groups},
  author={H. Etzkowitz},
  journal={Minerva},
  volume={30},
  number={1},
  pages={28--50},
  year={1992},
  publisher={Springer}
}
@article{Blei2003,
  title={Latent dirichlet allocation},
  author={Blei, David M and Ng, Andrew Y and Jordan, Michael I},
  journal={Journal of machine Learning research},
  volume={3},
  number={Jan},
  pages={993--1022},
  year={2003}
}

@article{Grimmer2013,
  title={Text as data: The promise and pitfalls of automatic content analysis methods for political texts},
  author={Grimmer, Justin and Stewart, Brandon M},
  journal={Political analysis},
  volume={21},
  number={3},
  pages={267--297},
  year={2013},
  publisher={Cambridge University Press}
}

@inproceedings{Roder2015,
  title={Exploring the space of topic coherence measures},
  author={R{\"o}der, Michael and Both, Andreas and Hinneburg, Alexander},
  booktitle={Proceedings of the eighth ACM international conference on Web search and data mining},
  pages={399--408},
  year={2015},
  organization={ACM}
}

@article{Li2019,
  title={Early coauthorship with top scientists predicts success in academic careers},
  author={Li, Weihua and Aste, Tomaso and Caccioli, Fabio and Livan, Giacomo},
  journal={Nature Communications},
  volume={10},
  number={1},
  pages={2041-1723},
  year={2019},
}
%%%%%%%%%%%%%%%%%%%%%%%%%%%%%%%PRICE OF ANARCHY%%%%%%%%%%%%%%%%%%%%%%%%%%%%%%%%%
@inproceedings{Koutsoupias1999,
 author = {E. Koutsoupias and C. Papadimitriou},
 title = {Worst-case Equilibria},
 booktitle = {Proceedings of the 16th Annual Conference on Theoretical Aspects of Computer Science},
 series = {STACS'99},
 year = {1999},
 isbn = {3-540-65691-X},
 location = {Trier, Germany},
 pages = {404--413},
 numpages = {10},
 url = {http://dl.acm.org/citation.cfm?id=1764891.1764944},
 acmid = {1764944},
 publisher = {Springer-Verlag},
 address = {Berlin, Heidelberg},
} 

@book{roughgarden2005,
  title={Selfish routing and the price of anarchy},
  author={T. Roughgarden},
  volume={174},
  year={2005},
  publisher={MIT press Cambridge}
}
%%%%%%%%%%%%%%%%%%%%%%%%%%%%%%%%AUCTION THEORY%%%%%%%%%%%%%%%%%%%%%%%%%%%%%%%%%%
@article{Shubik1971,
author = {M. Shubik},
title ={The Dollar Auction game: a paradox in noncooperative behavior and escalation},
journal = {Journal of Conflict Resolution},
volume = {15},
number = {1},
pages = {109-111},
year = {1971},
doi = {10.1177/002200277101500111},
URL = { 
        https://doi.org/10.1177/002200277101500111},
eprint = { 
        https://doi.org/10.1177/002200277101500111}
}

@book{menezes2005,
  title={An introduction to auction theory},
  author={F. M. Menezes and P. K. Monteiro},
  year={2005},
  publisher={OUP Oxford}
}
%%%%%%%%%%%%%%%%%%%%%%%%%%%%%%%%%LIBRARIES%%%%%%%%%%%%%%%%%%%%%%%%%%%%%%%%%%%%%%
@misc{scipy,
  author =    {E. Jones and T. Oliphant and P. Peterson and others},
  title =     {{SciPy}: Open source scientific tools for {Python}},
  year =      {2001--},
  url = "http://www.scipy.org/",
  note = {[Online; accessed <today>]}
}

@inproceedings{networkx,
author = {A. A. Hagberg and D. A. Schult and P. J. Swart},
title = {Exploring network structure, dynamics, and function using {NetworkX}},
year = {2008},
month = Aug,
urlpdf = {http://math.lanl.gov/~hagberg/Papers/hagberg-2008-exploring.pdf},
booktitle = {Proceedings of the 7th Python in Science Conference (SciPy2008)},
editors = {G\"{a}el Varoquaux, Travis Vaught, and Jarrod Millman},
address = {Pasadena, CA USA},
pages = {11--15}
}

@paper{ICWSM09154,
author = {M. Bastian and S. Heymann and M. Jacomy},
title = {Gephi: An Open Source Software for Exploring and Manipulating Networks},
conference = {International AAAI Conference on Weblogs and Social Media},
year = {2009},
url = {http://www.aaai.org/ocs/index.php/ICWSM/09/paper/view/154}
}

@misc{nikoleta_2017,
  author       = {N. E. Glynatsi and
                  V. Knight},
  title        = {Nikoleta-v3/Arcas: Arcas v 0.0.4},
  month        = dec,
  year         = 2017,
  doi          = {10.5281/zenodo.1127684},
  howpublished =          = {https://doi.org/10.5281/zenodo.1127684}
}

@article{nurseitov2009,
  title={Comparison of JSON and XML data interchange formats: a case study.},
  author={N. Nurseitov and M. Paulson and R. Reynolds and C. Izurieta},
  journal={Caine},
  volume={2009},
  pages={157--162},
  year={2009}
}

@article{hunter2007matplotlib,
  title = {{Matplotlib: A 2D graphics environment}},
  author = {J. D. Hunter},
  journal = {Computing In Science \& Engineering},
  volume = {9},
  number = {3},
  pages = {90--95},
  year = {2007},
  publisher = {IEEE}
}

@article{walt2011numpy,
  title = {{The NumPy array: a structure for efficient numerical computation}},
  author = {S. Walt and S. C. Colbert and G. Varoquaux},
  journal = {Computing in Science \& Engineering},
  volume = {13},
  number = {2},
  pages = {22--30},
  year = {2011},
  publisher = {IEEE}
}

@inproceedings{rehurek_lrec,
      title = {{Software Framework for Topic Modelling with Large Corpora}},
      author = {Radim {\v R}eh{\r u}{\v r}ek and Petr Sojka},
      booktitle = {{Proceedings of the LREC 2010 Workshop on New
           Challenges for NLP Frameworks}},
      pages = {45--50},
      year = 2010,
      month = May,
      day = 22,
      publisher = {ELRA},
      address = {Valletta, Malta},
      note={\url{http://is.muni.cz/publication/884893/en}},
      language={English}
}
%%%%%%%%%%%%%%%%%%%%%%%%%%%%%%BEST PRACTICE%%%%%%%%%%%%%%%%%%%%%%%%%%%%%%%%%%%%%
@article{Aberdour2007,
  title={Achieving quality in open-source software},
  author={M. Aberdour},
  journal={IEEE software},
  volume={24},
  number={1},
  pages={58--64},
  year={2007},
  publisher={IEEE}
}
@article{Benureau2018,
  title={Re-run, repeat, reproduce, reuse, replicate: transforming code into scientific contributions},
  author={F. C. Y. Benureau and N. P. Rougier},
  journal={Frontiers in neuroinformatics},
  volume={11},
  pages={69},
  year={2018},
  publisher={Frontiers}
}
%%%%%%%%%%%%%%%%%%%%%%%%%%%%%%%%%%%%%%DATA%%%%%%%%%%%%%%%%%%%%%%%%%%%%%%%%%%%%%%
@misc{pd_data_2018,
  author       = {N. E. Glynatsi},
  title        = {Articles' meta data on the Prisoner's Dilemma},
  month        = sep,
  year         = 2019,
  doi          = {10.5281/zenodo.3406536},
  howpublished = {https://doi.org/10.5281/zenodo.3406536}
}

@misc{anarchy_data_2018,
  author       = {N. E. Glynatsi},
  title        = {Articles' meta data on the Price of Anarchy},
  month        = sep,
  year         = 2019,
  doi          = {10.5281/zenodo.3406542},
  howpublished = {https://doi.org/10.5281/zenodo.3406542}
}

@misc{auction_data_2018,
  author       = {N. E. Glynatsi},
  title        = {Articles' meta data on Auction Games},
  month        = sep,
  year         = 2019,
  doi          = {10.5281/zenodo.3406544},
  howpublished = {https://doi.org/10.5281/zenodo.3406544}
}
%%%%%%%%%%%%%%%%%%%%%%%%%%%%%%%%%%%%%%TOPICS%%%%%%%%%%%%%%%%%%%%%%%%%%%%%%%%%%%%
@article{Geniole2012,
  title={Facing aggression: Cues differ for female versus male faces},
  author={Geniole, Shawn N and Keyes, Amanda E and Mondloch, Catherine J and Carr{\'e}, Justin M and McCormick, Cheryl M},
  journal={PLOS one},
  volume={7},
  number={1},
  pages={e30366},
  year={2012},
  publisher={Public Library of Science}
}
@article{Sistrom2015,
  title={Genomic and gene-expression comparisons among phage-resistant type-IV pilus mutants of Pseudomonas syringae pathovar phaseolicola},
  author={Sistrom, Mark and Park, Derek and O’Brien, Heath E and Wang, Zheng and Guttman, David S and Townsend, Jeffrey P and Turner, Paul E},
  journal={PloS one},
  volume={10},
  number={12},
  pages={e0144514},
  year={2015},
  publisher={Public Library of Science}
}

@article{Chen2007,
  title={Influence of initial distributions on robust cooperation in evolutionary Prisoner's Dilemma},
  author={Chen, Xiaojie and Fu, Feng and Wang, Long},
  journal={arXiv preprint physics/0701318},
  year={2007}
}

@inproceedings{Guan2002,
  title={Gaming and price spikes in electric power markets and possible remedies},
  author={Guan, Xiaohong},
  booktitle={Proceedings. International Conference on Power System Technology},
  volume={1},
  pages={188--vol},
  year={2002},
  organization={IEEE}
}